<record><leader>00000cas a22000007a 4500</leader><controlfield tag="001">9775436</controlfield><controlfield tag="008">830804d1869188unyuwr ne      0    0eng d</controlfield><controlfield tag="009">3781</controlfield><datafield ind1=" " ind2=" " tag="010"><subfield code="a">sn 83031094 </subfield></datafield><datafield ind1=" " ind2=" " tag="040"><subfield code="a">NPU</subfield><subfield code="b">eng</subfield><subfield code="c">NPU</subfield><subfield code="d">NPX</subfield><subfield code="d">NYS</subfield><subfield code="d">OCLCQ</subfield></datafield><datafield ind1="1" ind2=" " tag="029"><subfield code="a">AU@</subfield><subfield code="b">000025830727</subfield></datafield><datafield ind1=" " ind2=" " tag="042"><subfield code="a">msc</subfield></datafield><datafield ind1="0" ind2=" " tag="130"><subfield code="a">Democratic leader (Binghamton, N.Y.)</subfield></datafield><datafield ind1="0" ind2="4" tag="245"><subfield code="a">The Democratic leader.</subfield></datafield><datafield ind1=" " ind2=" " tag="260"><subfield code="a">Binghamton, Broome County, N.Y. :</subfield><subfield code="b">Carl &amp; Freeman</subfield></datafield><datafield ind1=" " ind2=" " tag="300"><subfield code="a">v. ;</subfield><subfield code="c">56 cm.</subfield></datafield><datafield ind1=" " ind2=" " tag="310"><subfield code="a">Weekly</subfield></datafield><datafield ind1="0" ind2=" " tag="362"><subfield code="a">Vol. 1, no. 1 (Sept. l0, 1869)-</subfield></datafield><datafield ind1=" " ind2=" " tag="500"><subfield code="a">Publishers: Carl &amp; Freeman, &lt;1869-Apr. 1871&gt;; Carl &amp; Abbott, &lt;1871&gt;; A.W. Carl, &lt;1872-1887&gt;.</subfield></datafield><datafield ind1=" " ind2=" " tag="500"><subfield code="a">"Democratic."</subfield></datafield><datafield ind1=" " ind2=" " tag="500"><subfield code="a">Editor: Abram W. Carl, &lt;1873&gt;.</subfield></datafield><datafield ind1=" " ind2="4" tag="651"><subfield code="a">Binghamton (N.Y.)</subfield><subfield code="v">Newspapers.</subfield></datafield><datafield ind1="1" ind2=" " tag="700"><subfield code="a">Carl, Abram W.</subfield></datafield><datafield ind1=" " ind2=" " tag="752"><subfield code="a">United States</subfield><subfield code="b">New York</subfield><subfield code="c">Broome</subfield><subfield code="d">Binghamton.</subfield></datafield><datafield ind1="0" ind2=" " tag="775"><subfield code="t">Binghamton daily leader</subfield><subfield code="w">(DLC)sn 90066571</subfield><subfield code="w">(OCoLC)22685204</subfield></datafield><datafield ind1="0" ind2="0" tag="785"><subfield code="t">Democratic weekly leader</subfield><subfield code="w">(DLC)sn 90066573</subfield><subfield code="w">(OCoLC)22685551</subfield></datafield><datafield ind1=" " ind2=" " tag="936"><subfield code="a">Vol. 18, no. 52 (Aug. 19, 1887) LIC</subfield></datafield></record>